%%%%%%%%%%%
% SAMPLE WWW
@misc{ wiki:xxx,
	author = "Wikipedia",
	title = "LaTeX --- Wikipedia{,} The Free Encyclopedia",
	year = "2011",
	url = "\url{https://en.wikipedia.org/w/index.php?title=LaTeX&oldid=413720397}",
	note = "[Online; accessed 27-May-2017]"
}

%%%%%%%%%%%%%%%%%%%%%%%%%%%%%%%%%%%%%%%%%%%%%%%%%%%%%%%%%%%%%%%%%%%%%%%%%%%%%%%%%%%%%%%%%%%
% SOFTWARE

@misc{axure,
	author = "{Axure Software Solutions, Inc.}",
	title = "Axure {RP 8}",
	year = "{2002--2017}",
	howpublished = {\url{https://www.axure.com/download}},
}

@Misc{django,
	author = "{Django Software Foundation et al.}",
	title = "Dajngo 1.11",
	year = "{2005--2017}",
	howpublished = {\url{https://www.djangoproject.com/download/}},
}

@Misc{python,
	author = "{Python Software Foundation}",
	title = "Python 3.6",
	year = "{2001--2017}",
	howpublished = {\url{https://www.python.org/downloads/}},
	url = "\url{https://www.python.org/}",
	note = "[Online; accessed 27-May-2017]",
}

@Misc{accapela,
	author = {{Acapela Group}},
	title = {Acapela Box},
	year = {2010-2017},
	howpublished = {\url{https://acapela-box.com/}},
	note = "[Online; accessed 27-May-2017]",
}



%%%%%%%%%%%%%%%%%%%%%%%%%%%%%%%%%%%%%%%%%%%%%%%%%%%%%%%%%%%%%%%%%%%%%%%%%%%%%%%%%%%%%%%%%%%
% BORROWED CODE & LIBRARIES

%%%%%%%%%%%%%%%%%%%%%%%%%%%%%%%%%%%%%%%%%%%%%%%%%%%%%%%%%%%%%%%%%%%%%%%%%%%%%%%%%%%%%%%%%%%
% ONLINE DATA & APIS

@Misc{here-api,
	note = "todo"
}

@Misc{naviterier-maps,
	note = "todo"
}
@Misc{conversational-api,
	note = "todo"
}

@Misc{dpp-data,
	author = {{The Prague Public Transit Co. Inc.}},
	title = {Jízdní řády},
	year = 2017,
	howpublished = "\url{http://opendata.praha.eu/dataset/dpp-jizdni-rady}",
	note = "[Online; accessed 16-May-2017]",
}


@Misc{naviterier-addresses,
	author = "{{Naviterier}}",
	title = "{{GetAddresses API}}",
	year = 2017,
	howpublished = "\url {http://147.32.81.71/NaviTerier.ProcessingService/json/metadata?op=GetAddresses}",
	note = "[Online; accessed 16-May-2017]",
}

@Misc{naviterier-data,
	note = "all the informations stored in naviterier, ie adress points, corners, tram lines"
}



@Article{later,
	author = "Pay Attention",
	title  = "fix the citations",
	journal= "none",
	pages  = "666-999",
	volume =   10,
	number =    8,
	year   = 2001,
}

@Article{Chen01,
  author = "Yong-Sheng Chen and Yi-Ping Hung and Chiou-Shann Fuh",
  title  = "Fast Block Matching Algorithm Based on the Winner-Update Strategy",
  journal= "IEEE Transactions On Image Processing",
  pages  = "1212--1222",
  volume =   10,
  number =    8,
  year   = 2001,
}

@Book{Serra93,
  author    = "Jean Serra",
  title     = "Image Analysis and Mathematical Morphology",
  publisher = "Academic Press",
  volume    =  1,
  address   = "Oval Road, London, UK",
  edition   = "4th",
  year      =  1993,
}

% Pokud potrebujeme BibTeXu napovedet, kde je nutne zachovat velka a mala 
% pismena, je potreba pouzit slozene zavorky {}. 
% Vetsinou jde o zkratky a vlastnich jmena, ktera nejsou na zacatku nazvu 
% publikace, pripadne o nazvy maker (viz napr. makro \LaTeX).

@Misc{Weber04,
  author = "Martin Weber",
  title  = "Auto{T}race: {A} utility for converting bitmap into vector graphics",
  note   = "\verb|http://autotrace.sourceforge.net|",
  year   = 2004,
}

@InProceedings{Weiss99,
  author    = "Yair Weiss",
  title     = "Segmentation using eigenvectors: {A} unifying view",
  booktitle = "Processings of IEEE International Conference on Computer Vision",
  editor    = "Kim Zheng",
  pages     = "975--982",
  year      =  1999,
}

@InProceedings{Nam04,
  author = 	  {Young Jin Nam and Chanik Park},
  title = 	  {An efficient fair queuing algorithm for guaranteed disk bandwidth},
  booktitle =     {Euro-Par 2004 Parallel Processing},
  year =	  {2004},
  editor =	  {M. Danelutto and D. Laforenza and M. Vanneschi},
  month =	  {august},
  series =	  {Lecture Notes in Computer Science},
  number =	  3149,
  pages =	  {799-802},
  publisher =     {Springer Verlag, 2004},
}


% Nekdy musime dlouhe URL odkazy zalamovat rucne, jak je ukazano nize.
% Vzdy ale uvedeme, kdy byla stranka naposledy aktualizovana, resp. pokud neni
% uvedeno, datum, kdy jsme udaje z ni nacerpali.

@Misc{CSTUG,
  key    = "web:cstug",
  author = "",
  title  = "{CSTUG} --- {\CS}{\TeX} {U}sers {G}roup --- hlavní stránka",
  note   = "\\ \verb|http://www.cstug.cz/|, stav z 2.\,3.\,2009",
}

@Misc{latexdocweb,
  key    = "web:latexdocweb",
  author = "",
  title  = "{\LaTeX} --- online manuál",
  note   = "\\ \verb|http://www.cstug.cz/latex/lm/frames.html|, stav ze 4.\,5.\,2009",
}


@Misc{infodp,
  key    = "web:infodp",
  author = "",
  title  = "K336 {I}nfo --- pokyny pro psaní diplomových prací",
  note   = "\\ \verb|https://info336.felk.cvut.cz/clanek.php?id=400|, stav ze 4.\,5.\,2009",
}

@Misc{infobp,
  key    = "web:infobp",
  author = "",
  title  = "K336 {I}nfo --- pokyny pro psaní bakalářských prací",
  note   = "\\ \verb|https://info336.felk.cvut.cz/clanek.php?id=504|, stav ze 4.\,5.\,2009",
}

%
@Misc{ipe,
  key    = "web:ipe",
  author = "",
  title  = "Grafický vektorový editor pro práce vhodný pro práci {\LaTeX}em",
  note   = "\\ \verb|http://tclab.kaist.ac.kr/ipe/|, stav z 4.\,5.\,2009",
}

@Misc{info,
  key    = "web:info",
  author = "",
  title  = "K336 {I}nfo",
  note   = "\\ \verb|  http://info336.felk.cvut.cz|, stav ze 4.\,5.\,2009",
}

@Misc{latexutf,
  key = "web:latexutf",
  author = "",
  title =  "Wiki Books {\LaTeX}/{I}nternationalization",
  note =   "\\ \verb|http://en.wikibooks.org/wiki/LaTeX/Internationalization|, stav z 1.\,5.\,2009",
}


@Misc{latexwiki,
  key    = "web:latexwiki",
  author = "",
  title  = "Wiki Books {\LaTeX}",
  note   = "\\ \verb|http://en.wikibooks.org/wiki/LaTeX/|, stav z 3.\,4.\,2009",
}


@Misc{dp_jcu,
  key = "web:dpjcu",
  author =       "",
  title =        "Pokyny pro psaní {DP} na {JČU}",
  note =         "\\ \verb|http://home.pf.jcu.cz/~edpo/pravidla/pravidla.html|, stav z 8.\,12.\,2008",
}

@Misc{dp_mendel,
  key = "web:dpmendel",
  author =       "",
  title =        "Pokyny pro psaní {DP} na {M}endelově univerzitě v {B}rně",
  note =         "\\ \verb|http://old.mendelu.cz/~rybicka/zpract/#diplomky|, stav z 1.\,2.\,2008",
}

@COMMENT( The references below have first names abridged. Do not follow this,
use full names whenever possible, BibTeX style will do the appropriate unifications. )

@Book{kniha,
  author =       "J. Žára and B. Beneš and P. Felkel",
  title =        "Moderní počítačová grafika",
  publisher =    "Computer Press s.r.o, Brno",
  edition =      "1st",
  year   = 1998,
  note =	"In Czech",
}

@Article{clanek,
  author =       "P. Slavík",
  title =        "Grammars and Rewriting Systems as Models for Graphical User Interfaces",
  journal =      "Cognitive Systems",
  pages =        "381--399",
  volume =       4,
  number =       "3/4",
  year =         1997,
}

@COMMENT( It is always better to use TeX diacritical escape sequences, 
e.g. {\'{L}}, in the bibliography database, making it encoding independent 
and thus compilable under different document encoding settings. 
Do not follow these examples! )

@InProceedings{sbornik,
  author = 	  "M. Haindl and {\'{L}}. Kment and  P. Slavík",
  title = 	  "Virtual Information Systems",
  booktitle =     "WSCG'2000 --- Short communication papers",
  year =	  2000,
  pages =	  "22--27",
  publisher =     "University of West Bohemia, Pilsen",
}

@Misc{www,
  key = "web:infogs",
  author =       "",
  title =        "Knihovna {G}rafické skupiny",
  note =         "\\ \verb|http://www.cgg.cvut.cz/Bib/library/|, stav z 30.\,8.\,2001",
}
